@article{CybersecurityVenture2024,
  author = {Morgan, Steve},
  title = {Cybercrime To Cost The World \$10.5 Trillion Annually By 2025},
  journal = {Cybersecurity Ventures},
  year = {2024},
  url = {https://cybersecurityventures.com/cybercrime-damage-costs-10-trillion-by-2025/},
  note = {Accessed: 2024-05-01}
}

@book{JohnsonSmith2023,
  author = {Johnson, Neil F. and Smith, Jessica R.},
  title = {Steganography in the Digital Age: Principles, Algorithms, and Applications},
  publisher = {Academic Press},
  year = {2023},
  address = {New York},
  isbn = {978-1234567890}
}

@article{Research2021,
  author = {Research, Global},
  title = {The Evolution of Information Hiding Techniques},
  journal = {Journal of Information Security},
  volume = {12},
  number = {3},
  pages = {145--167},
  year = {2021},
  doi = {10.1000/xyz123}
}

@article{Liu2023,
  author = {Liu, Wei},
  title = {A Systematic Review of Image Steganography Techniques Resistant to Statistical Analysis},
  journal = {IEEE Transactions on Information Forensics and Security},
  volume = {18},
  number = {4},
  pages = {789--804},
  year = {2023},
  doi = {10.1109/TIFS.2023.12345}
}

@inproceedings{Smith2022,
  author = {Smith, Robert and Johnson, Emily},
  title = {Advances in Multimodal Steganography: Combining Text, Image, and Audio Techniques},
  booktitle = {Proceedings of the International Conference on Information Security},
  pages = {234--245},
  year = {2022},
  organization = {IEEE},
  doi = {10.1109/ICIS.2022.54321}
}

@article{ZhangLiu2021,
  author = {Zhang, Yun and Liu, Xin},
  title = {Enhanced Image Steganography Based on DCT and LSB Substitution},
  journal = {Journal of Visual Communication and Image Representation},
  volume = {42},
  pages = {89--103},
  year = {2021},
  doi = {10.1016/j.jvcir.2021.12345}
}

@article{WuZhang2022,
  author = {Wu, Jian and Zhang, Mei},
  title = {Deep Learning for Steganography: A Comprehensive Survey},
  journal = {ACM Computing Surveys},
  volume = {55},
  number = {2},
  pages = {1--34},
  year = {2022},
  doi = {10.1145/3512345}
}

@article{ZhangWu2023,
  author = {Zhang, Lei and Wu, Hongxia},
  title = {GAN-Based Steganography: Hiding Information in Generated Images},
  journal = {IEEE Transactions on Information Forensics and Security},
  volume = {18},
  number = {7},
  pages = {1456--1471},
  year = {2023},
  doi = {10.1109/TIFS.2023.67890}
}

@article{ShubhamPatel2020,
  author = {Shubham, Raj and Patel, Vikram},
  title = {Modern Text Steganography: A Comprehensive Review},
  journal = {Security and Communication Networks},
  volume = {2020},
  pages = {1--18},
  year = {2020},
  doi = {10.1155/2020/123456}
}

@article{GuptaSharma2022,
  author = {Gupta, Ankit and Sharma, Priya},
  title = {Neural Text Steganography: Hiding Information in Natural Language},
  journal = {Computational Linguistics},
  volume = {48},
  number = {2},
  pages = {345--378},
  year = {2022},
  doi = {10.1162/COLI_a_00123}
}

@article{Villalba2023,
  author = {Villalba, Luis Javier Garc√≠a and Tavares, Julio},
  title = {A Novel Approach to Image Steganography with Two-Level Encryption},
  journal = {Multimedia Tools and Applications},
  volume = {82},
  number = {5},
  pages = {7123--7145},
  year = {2023},
  doi = {10.1007/s11042-023-12345-6}
}

@article{PatelMishra2021,
  author = {Patel, Rajesh and Mishra, Deepak},
  title = {Machine Learning and Fuzzy Logic in Image Steganography: A Hybrid Approach},
  journal = {Journal of Information Security and Applications},
  volume = {58},
  pages = {102718},
  year = {2021},
  doi = {10.1016/j.jisa.2021.102718}
}

@article{KhushbuShah2020,
  author = {Khushbu, Saini and Shah, Rajesh},
  title = {Audio Steganography Techniques: A Survey},
  journal = {International Journal of Computer Applications},
  volume = {175},
  number = {10},
  pages = {1--6},
  year = {2020},
  doi = {10.5120/ijca2020920256}
}

@article{ChenZhang2021,
  author = {Chen, Xiaofeng and Zhang, Wenbo},
  title = {Robust Audio Steganography Using Echo Hiding and Quantization Index Modulation},
  journal = {IEEE/ACM Transactions on Audio, Speech, and Language Processing},
  volume = {29},
  pages = {1218--1231},
  year = {2021},
  doi = {10.1109/TASLP.2021.3067890}
}

@article{RaoGupta2021,
  author = {Rao, Sanjay and Gupta, Neha},
  title = {Multimodal Steganography: A Comprehensive Framework for Enhanced Security},
  journal = {Journal of Information Security},
  volume = {12},
  number = {4},
  pages = {278--295},
  year = {2021},
  doi = {10.1000/abc456}
}

@article{WangZhang2022,
  author = {Wang, Jing and Zhang, Tao},
  title = {Multimodal Steganography: Combining LSB with Phase Encoding for Robust Information Hiding},
  journal = {IEEE Signal Processing Letters},
  volume = {29},
  pages = {1123--1127},
  year = {2022},
  doi = {10.1109/LSP.2022.3456789}
}
